<record><leader>00000cas a22000007a 4500</leader><controlfield tag="001">23722779</controlfield><controlfield tag="008">910509c19629999nyuwr ne      0    0eng d</controlfield><datafield ind1=" " ind2=" " tag="010"><subfield code="a">sn 91066495 </subfield></datafield><datafield ind1=" " ind2=" " tag="040"><subfield code="a">NYS</subfield><subfield code="b">eng</subfield><subfield code="c">NYS</subfield><subfield code="d">OCLCQ</subfield><subfield code="d">OCLCF</subfield><subfield code="d">OCLCO</subfield></datafield><datafield ind1="1" ind2=" " tag="029"><subfield code="a">AU@</subfield><subfield code="b">000025908521</subfield></datafield><datafield ind1=" " ind2=" " tag="042"><subfield code="a">msc</subfield></datafield><datafield ind1=" " ind2=" " tag="043"><subfield code="a">n-us-ny</subfield></datafield><datafield ind1="0" ind2="0" tag="245"><subfield code="a">Citizen-outlet.</subfield></datafield><datafield ind1="3" ind2="0" tag="246"><subfield code="a">Oswego County weeklies hometown news</subfield></datafield><datafield ind1="3" ind2="0" tag="246"><subfield code="a">Oswego County weeklies</subfield></datafield><datafield ind1="3" ind2="0" tag="246"><subfield code="a">Hometown news</subfield></datafield><datafield ind1=" " ind2=" " tag="260"><subfield code="a">Central Square, N.Y. :</subfield><subfield code="b">Everet V. Backus,</subfield><subfield code="c">1962-</subfield></datafield><datafield ind1=" " ind2=" " tag="300"><subfield code="a">v. ;</subfield><subfield code="c">43-44 cm.</subfield></datafield><datafield ind1=" " ind2=" " tag="310"><subfield code="a">Weekly</subfield></datafield><datafield ind1="0" ind2=" " tag="362"><subfield code="a">Vol. 11, no. 10 (Mar. 8, 1962)-</subfield></datafield><datafield ind1=" " ind2=" " tag="500"><subfield code="a">"Your hometown newspaper."</subfield></datafield><datafield ind1=" " ind2=" " tag="500"><subfield code="a">Later published in Mexico, N.Y.</subfield></datafield><datafield ind1=" " ind2=" " tag="500"><subfield code="a">Second section called: Oswego County weeklies hometown news, &lt;1983&gt;-</subfield></datafield><datafield ind1=" " ind2=" " tag="500"><subfield code="a">Published as: The Citizen outlet, Dec. 18, 1969-</subfield></datafield><datafield ind1=" " ind2=" " tag="588"><subfield code="a">Latest issue consulted: Vol. 45, no. 6 (Feb. 8, 1994).</subfield></datafield><datafield ind1=" " ind2="0" tag="651"><subfield code="a">Central Square (N.Y.)</subfield><subfield code="v">Newspapers.</subfield></datafield><datafield ind1=" " ind2="0" tag="651"><subfield code="a">Brewerton (N.Y.)</subfield><subfield code="v">Newspapers.</subfield></datafield><datafield ind1=" " ind2="0" tag="651"><subfield code="a">Mexico (N.Y.)</subfield><subfield code="v">Newspapers.</subfield></datafield><datafield ind1=" " ind2="0" tag="651"><subfield code="a">Oswego County (N.Y.)</subfield><subfield code="v">Newspapers.</subfield></datafield><datafield ind1=" " ind2="7" tag="655"><subfield code="a">Newspapers.</subfield><subfield code="2">fast</subfield><subfield code="0">(OCoLC)fst01423814</subfield></datafield><datafield ind1=" " ind2="7" tag="651"><subfield code="a">New York (State)</subfield><subfield code="z">Brewerton.</subfield><subfield code="2">fast</subfield><subfield code="0">(OCoLC)fst01254318</subfield></datafield><datafield ind1=" " ind2="7" tag="651"><subfield code="a">New York (State)</subfield><subfield code="z">Central Square.</subfield><subfield code="2">fast</subfield><subfield code="0">(OCoLC)fst01221691</subfield></datafield><datafield ind1=" " ind2="7" tag="651"><subfield code="a">New York (State)</subfield><subfield code="z">Mexico.</subfield><subfield code="2">fast</subfield><subfield code="0">(OCoLC)fst01221623</subfield></datafield><datafield ind1=" " ind2="7" tag="651"><subfield code="a">New York (State)</subfield><subfield code="z">Oswego County.</subfield><subfield code="2">fast</subfield><subfield code="0">(OCoLC)fst01208853</subfield></datafield><datafield ind1=" " ind2=" " tag="752"><subfield code="a">United States</subfield><subfield code="b">New York</subfield><subfield code="c">Oswego</subfield><subfield code="d">Mexico.</subfield></datafield><datafield ind1=" " ind2=" " tag="752"><subfield code="a">United States</subfield><subfield code="b">New York</subfield><subfield code="c">Oswego</subfield><subfield code="d">Central Square.</subfield></datafield><datafield ind1="0" ind2="0" tag="780"><subfield code="t">Central Square citizen, Brewerton outlet</subfield><subfield code="w">(DLC)sn 94057683</subfield><subfield code="w">(OCoLC)29779015</subfield></datafield></record>